@article{herbie,
author={Panchekha and Sanchez-Stern and Wilcox and Tatlock},
title={Automatically Improving Accuracy for Floating Point Expressions},
school={University of Washington},
month=jun,
year=2015
}
@article{fpavisual,
author={Mr. Yi Gu and Dr. Nilufer Onder and Dr. Ching-Kuang Shene and Dr. Chaoli Wang},
title={FPAvisual: A Tool for Visualizing the Effects of Floating-Point Finite-Precision Arithmetic},
school={Michigan Technological University},
year=2014
}
@techreport{berkeley00-needle-like,
  author = {William Kahan},
  title = {Miscalculating Area and Angles of a Needle-like Triangle},
  institution = {University of California, Berkeley},
  url ={http://www.cs.berkeley.edu/~wkahan/Triangle.pdf},
  month=mar,
  year={2000}
}
@TechReport{kahan-java-hurts,
  author =       "W. Kahan and Joseph D. Darcy",
  title =        "How {Java}'s Floating-Point Hurts Everyone
                 Everywhere",
  type =         "Technical Report",
  pages =        "80",
  day =          "18",
  month =        jun,
  year =         "1998",
  institution = {University of California, Berkeley},
  bibdate =      "Sat Sep 12 18:53:11 1998",
  bibsource =    "http://www.math.utah.edu/pub/tex/bib/fparith.bib;
                 http://www.math.utah.edu/pub/tex/bib/java.bib;
                 http://www.math.utah.edu/pub/bibnet/authors/k/kahan-william-m.bib",
  URL =          "http://www.cs.berkeley.edu/~wkahan/JAVAhurt.pdf"
}
@ARTICLE{cse14-practical-fp,
author={Toronto, N. and McCarthy, J.},
journal={Computing in Science Engineering},
title={Practically Accurate Floating-Point Math},
year={2014},
month={July},
volume={16},
number={4},
pages={80-95},
}
